<?xml version="1.0" encoding="UTF-8"?><collection xmlns="http://www.loc.gov/MARC21/slim"><record><leader>00456nam--2200181-u-4500</leader><controlfield tag="001">000055402</controlfield><controlfield tag="002">20161230</controlfield><controlfield tag="005">20161230201052</controlfield><controlfield tag="008">130125s1000------------r-----000-0-rus-d</controlfield><datafield ind1=" " ind2=" " tag="040"><subfield code="a">IFIN-HH</subfield></datafield><datafield ind1=" " ind2=" " tag="041"><subfield code="a">rus</subfield></datafield><datafield ind1=" " ind2=" " tag="080"><subfield code="a">539.31.9</subfield></datafield><datafield ind1="1" ind2=" " tag="100"><subfield code="a">Ignatikov, D.A</subfield></datafield><datafield ind1="1" ind2="0" tag="245"><subfield code="a">Ostatocenie napriajenia v neodnorodnih detaliah</subfield><subfield code="c">D.a. ignatikov</subfield></datafield><datafield ind1=" " ind2=" " tag="260"><subfield code="a">Kisinev</subfield><subfield code="b">Stiinta</subfield><subfield code="c">1992</subfield></datafield><datafield ind1=" " ind2=" " tag="300"><subfield code="a">301P</subfield></datafield><datafield ind1=" " ind2=" " tag="852"><subfield code="a">80047</subfield><subfield code="c">539.3</subfield></datafield><datafield ind1=" " ind2=" " tag="CAT"><subfield code="a">Sys</subfield><subfield code="c">20130125</subfield><subfield code="h">101448</subfield></datafield></record></collection>